@book{program_synthesis_now,
  title = {{Program Synthesis}},
  author = "S. Gulwani and O. Polozov and R. Singh",
  isbn = {978-1-68083-292-1},
  note = {on-line at \url{https://rishabhmit.bitbucket.io/papers/program_synthesis_now.pdf}},
  year = {2017},
  publisher = {now Publishers Inc.},
  address = {London}
}

@book{SemFix,
  title = {{SemFix: program repair via semantic analysis}},
  author = "Hoang Duong Thien Nguyen and Dawei Qi and Abhik Roychoudhury and and
  Satish Chandra",
  year = {2013},
  publisher = {ICSE},
  pages = {772â€“781}
}

@book{FlashFill,
  title = {{Automating string processing in spreadsheets using input-output examples}},
  author = "Sumit Gulwani",
  year = {2011},
  publisher = {Symposium on Principles of Programming Languages, POPL},
  address = {Austin, TX, USA},
  pages = {317-330}
}

@misc{CEGISimpl,
  title = {{Counter-example guided inductive synthesis (CEGIS) implementation for the SMT solver Z3}},
  note = {on-line at \url{https://github.com/marcelwa/CEGIS}},
  author = "Microsoft Research",
  year = {2017}
}

@misc{ProgrammingBasedOnExamples,
  title = {{Programming Based on Examples}},
  note = {on-line at \url{https://www.microsoft.com/en-us/research/wp-content/uploads/2016/12/pbe16.pdf}},
  author = "Sumit Gulvani",
  year = {2016}
}

@misc{SynthesizingNumberTransformationsFromIOExamples,
  title = {{Synthesizing number transformations from input-output examples}},
  author = "Rishabh Singh and Sumit Gulwani",
  booktitle = {Computer Aided Verification},
  year = {2012},
  pages  =  {634-651}
}

@misc{SynthesizingGeometryConstructions,
  title = {{Synthesizing geometry constructions}},
  author = "Sumit Gulwani and Vijay Anand Korthikanti and Ashish Tiwari",
  year = {2011},
  pages  = {50-61}
}

@book{Backpropagation,
  title = {{Backpropagation: theory, architectures, and applications}},
  author = "Yves Chauvin and David E. Rumelhart",
  publisher = {Psychology Press},
  year = {1995}
}

@misc{Qlose,
  title = {{Qlose: Program Repair with Quantitative Objectives}},
  author = "Loris D'Antoni and Roopsha Samanta and Rishabh Singh",
  publisher = {Psychology Press},
  year = {1995}
}

@misc{ProgramRepairAsAGame,
  title = {{Program repair as a game}},
  author = "Barbara Jobstmann and Andreas Griesmayer and Roderick Bloem",
  publisher = {Springer-Verlag},
  year = {2005}
}

@misc{CCWSLM,
  title = {{Code completion with statistical language models}},
  author = "Veselin Raychev and Martin Vechev and Eran Yahav",
  year = {2014}
}

@misc{TDCOPE,
  title = {{Type-directed completion of partial expressions}},
  author = "Daniel Perelman and Sumit Gulwani and Thomas Ball and Dan Grossman",
  year = {2014}
}

@misc{Superoptimizer,
  title = {{Superoptimizer - A look at the smallest program}},
  author = "Henry Massalin",
  year = {1987}
}

@misc{ScalingUpSuperoptimization,
  title = {{Scaling up superoptimization}},
  author = "Phitchaya Mangpo Phothilimthana and Aditya Thakur and Rastislav Bodik and Dinakar Dhurjati",
  year = {2016}
}

@misc{AGS,
  title = {{Abstraction-guided synthesis of synchronization}},
  author = "Martin T. Vechev and Eran Yahav and Greta Yorsh",
  year = {2010}
}

@misc{IS,
  title = {{InSynth}},
  note = {on-line at \url{https://www.insynth.co.uk}}
}

@misc{BDA,
  title = {{Bing Developer Assistant}},
  note = {on-line at \url{https://marketplace.visualstudio.com/items?itemName=VisualStudioPlatformTeam.DeveloperAssistant}}
}


@misc{AboutPS,
  title = {{Program synthesis: challenges and opportunities}},
  author = "Cristina David and Daniel Kroening",
  note = {on-line at \url{https://www.ncbi.nlm.nih.gov/pmc/articles/PMC5597726}}
}

@misc{SGS,
  title = {{Syntax-Guided Synthesis}},
  note = {on-line at \url{http://sygus.seas.upenn.edu/files/sygus_extended.pdf}}
}

@misc{PSE,
  title = {{Program Synthesis Explained}},
  author = "James Bornholt",
  year = {2015},
  note = {on-line at \url{https://homes.cs.washington.edu/~bornholt/post/synthesis-explained.html}}
}

@misc{SSA,
  title = {{Algorithms for Computing the Static Single Assignment Form}},
  author = "Gianfranco Bilardi and Keshav Pingali",
  note = {on-line at \url{http://iss.ices.utexas.edu/Publications/Papers/JACM2003.pdf}}
}

@misc{MCMC,
  title = {{MCMC Methods for Sampling Function Space}},
  author = "Alexandros Beskos and Andrew Stuart",
  note = {on-line at \url{https://pdfs.semanticscholar.org/c591/557c399d21ad5c31ded0e44f47226b8e7253.pdf}}
}
